%YAML 1.1
%TAG !u! tag:unity3d.com,2011:
--- !u!1 &3501763301943922142
GameObject:
  m_ObjectHideFlags: 0
  m_CorrespondingSourceObject: {fileID: 0}
  m_PrefabInstance: {fileID: 0}
  m_PrefabAsset: {fileID: 0}
  serializedVersion: 6
  m_Component:
  - component: {fileID: 7014867037804196368}
  - component: {fileID: 8418384460635538711}
  - component: {fileID: 8261539050178109699}
  - component: {fileID: -8423061580729927128}
  m_Layer: 7
  m_Name: Platform1
  m_TagString: Untagged
  m_Icon: {fileID: 0}
  m_NavMeshLayer: 0
  m_StaticEditorFlags: 0
  m_IsActive: 1
--- !u!4 &7014867037804196368
Transform:
  m_ObjectHideFlags: 0
  m_CorrespondingSourceObject: {fileID: 0}
  m_PrefabInstance: {fileID: 0}
  m_PrefabAsset: {fileID: 0}
  m_GameObject: {fileID: 3501763301943922142}
  m_LocalRotation: {x: 0, y: 0, z: 0, w: 1}
  m_LocalPosition: {x: 0, y: 0, z: 0}
  m_LocalScale: {x: 1, y: 1, z: 1}
  m_ConstrainProportionsScale: 0
  m_Children:
  - {fileID: 1669504898713208260}
  - {fileID: 7270087320016192415}
  m_Father: {fileID: 0}
  m_RootOrder: 0
  m_LocalEulerAnglesHint: {x: 0, y: 0, z: 0}
--- !u!114 &8418384460635538711
MonoBehaviour:
  m_ObjectHideFlags: 0
  m_CorrespondingSourceObject: {fileID: 0}
  m_PrefabInstance: {fileID: 0}
  m_PrefabAsset: {fileID: 0}
  m_GameObject: {fileID: 3501763301943922142}
  m_Enabled: 1
  m_EditorHideFlags: 0
  m_Script: {fileID: 11500000, guid: b2e6e3e3f42d45238348c86a3c8e6f1e, type: 3}
  m_Name: 
  m_EditorClassIdentifier: 
  <PrefabName>k__BackingField: Platform1
  rb: {fileID: 8261539050178109699}
  moveSpeed: 5
--- !u!54 &8261539050178109699
Rigidbody:
  m_ObjectHideFlags: 0
  m_CorrespondingSourceObject: {fileID: 0}
  m_PrefabInstance: {fileID: 0}
  m_PrefabAsset: {fileID: 0}
  m_GameObject: {fileID: 3501763301943922142}
  serializedVersion: 2
  m_Mass: 1
  m_Drag: 0
  m_AngularDrag: 0.05
  m_UseGravity: 0
  m_IsKinematic: 0
  m_Interpolate: 0
  m_Constraints: 0
  m_CollisionDetection: 0
--- !u!65 &-8423061580729927128
BoxCollider:
  m_ObjectHideFlags: 0
  m_CorrespondingSourceObject: {fileID: 0}
  m_PrefabInstance: {fileID: 0}
  m_PrefabAsset: {fileID: 0}
  m_GameObject: {fileID: 3501763301943922142}
  m_Material: {fileID: 0}
  m_IsTrigger: 1
  m_Enabled: 1
  serializedVersion: 2
  m_Size: {x: 0.1, y: 6, z: 1}
  m_Center: {x: 0.8, y: 0, z: 0}
--- !u!1001 &211477817447493309
PrefabInstance:
  m_ObjectHideFlags: 0
  serializedVersion: 2
  m_Modification:
    m_TransformParent: {fileID: 7014867037804196368}
    m_Modifications:
    - target: {fileID: 1025073552735594972, guid: 4d1bf52bed1f0c9428c0a5804de94dad, type: 3}
      propertyPath: m_Name
      value: Hole
      objectReference: {fileID: 0}
    - target: {fileID: 1568400734348012409, guid: 4d1bf52bed1f0c9428c0a5804de94dad, type: 3}
      propertyPath: m_RootOrder
      value: 0
      objectReference: {fileID: 0}
    - target: {fileID: 1568400734348012409, guid: 4d1bf52bed1f0c9428c0a5804de94dad, type: 3}
      propertyPath: m_LocalPosition.x
      value: 0
      objectReference: {fileID: 0}
    - target: {fileID: 1568400734348012409, guid: 4d1bf52bed1f0c9428c0a5804de94dad, type: 3}
      propertyPath: m_LocalPosition.y
      value: -2.25
      objectReference: {fileID: 0}
    - target: {fileID: 1568400734348012409, guid: 4d1bf52bed1f0c9428c0a5804de94dad, type: 3}
      propertyPath: m_LocalPosition.z
      value: 0
      objectReference: {fileID: 0}
    - target: {fileID: 1568400734348012409, guid: 4d1bf52bed1f0c9428c0a5804de94dad, type: 3}
      propertyPath: m_LocalRotation.w
      value: 1
      objectReference: {fileID: 0}
    - target: {fileID: 1568400734348012409, guid: 4d1bf52bed1f0c9428c0a5804de94dad, type: 3}
      propertyPath: m_LocalRotation.x
      value: 0
      objectReference: {fileID: 0}
    - target: {fileID: 1568400734348012409, guid: 4d1bf52bed1f0c9428c0a5804de94dad, type: 3}
      propertyPath: m_LocalRotation.y
      value: 0
      objectReference: {fileID: 0}
    - target: {fileID: 1568400734348012409, guid: 4d1bf52bed1f0c9428c0a5804de94dad, type: 3}
      propertyPath: m_LocalRotation.z
      value: 0
      objectReference: {fileID: 0}
    - target: {fileID: 1568400734348012409, guid: 4d1bf52bed1f0c9428c0a5804de94dad, type: 3}
      propertyPath: m_LocalEulerAnglesHint.x
      value: 0
      objectReference: {fileID: 0}
    - target: {fileID: 1568400734348012409, guid: 4d1bf52bed1f0c9428c0a5804de94dad, type: 3}
      propertyPath: m_LocalEulerAnglesHint.y
      value: 0
      objectReference: {fileID: 0}
    - target: {fileID: 1568400734348012409, guid: 4d1bf52bed1f0c9428c0a5804de94dad, type: 3}
      propertyPath: m_LocalEulerAnglesHint.z
      value: 0
      objectReference: {fileID: 0}
    m_RemovedComponents: []
  m_SourcePrefab: {fileID: 100100000, guid: 4d1bf52bed1f0c9428c0a5804de94dad, type: 3}
--- !u!4 &1669504898713208260 stripped
Transform:
  m_CorrespondingSourceObject: {fileID: 1568400734348012409, guid: 4d1bf52bed1f0c9428c0a5804de94dad, type: 3}
  m_PrefabInstance: {fileID: 211477817447493309}
  m_PrefabAsset: {fileID: 0}
--- !u!1001 &8151688835238291686
PrefabInstance:
  m_ObjectHideFlags: 0
  serializedVersion: 2
  m_Modification:
    m_TransformParent: {fileID: 7014867037804196368}
    m_Modifications:
    - target: {fileID: 1025073552735594972, guid: 4d1bf52bed1f0c9428c0a5804de94dad, type: 3}
      propertyPath: m_Name
      value: Hole (1)
      objectReference: {fileID: 0}
    - target: {fileID: 1568400734348012409, guid: 4d1bf52bed1f0c9428c0a5804de94dad, type: 3}
      propertyPath: m_RootOrder
      value: 1
      objectReference: {fileID: 0}
    - target: {fileID: 1568400734348012409, guid: 4d1bf52bed1f0c9428c0a5804de94dad, type: 3}
      propertyPath: m_LocalPosition.x
      value: 0
      objectReference: {fileID: 0}
    - target: {fileID: 1568400734348012409, guid: 4d1bf52bed1f0c9428c0a5804de94dad, type: 3}
      propertyPath: m_LocalPosition.y
      value: 2.25
      objectReference: {fileID: 0}
    - target: {fileID: 1568400734348012409, guid: 4d1bf52bed1f0c9428c0a5804de94dad, type: 3}
      propertyPath: m_LocalPosition.z
      value: 0
      objectReference: {fileID: 0}
    - target: {fileID: 1568400734348012409, guid: 4d1bf52bed1f0c9428c0a5804de94dad, type: 3}
      propertyPath: m_LocalRotation.w
      value: 1
      objectReference: {fileID: 0}
    - target: {fileID: 1568400734348012409, guid: 4d1bf52bed1f0c9428c0a5804de94dad, type: 3}
      propertyPath: m_LocalRotation.x
      value: 0
      objectReference: {fileID: 0}
    - target: {fileID: 1568400734348012409, guid: 4d1bf52bed1f0c9428c0a5804de94dad, type: 3}
      propertyPath: m_LocalRotation.y
      value: 0
      objectReference: {fileID: 0}
    - target: {fileID: 1568400734348012409, guid: 4d1bf52bed1f0c9428c0a5804de94dad, type: 3}
      propertyPath: m_LocalRotation.z
      value: 0
      objectReference: {fileID: 0}
    - target: {fileID: 1568400734348012409, guid: 4d1bf52bed1f0c9428c0a5804de94dad, type: 3}
      propertyPath: m_LocalEulerAnglesHint.x
      value: 0
      objectReference: {fileID: 0}
    - target: {fileID: 1568400734348012409, guid: 4d1bf52bed1f0c9428c0a5804de94dad, type: 3}
      propertyPath: m_LocalEulerAnglesHint.y
      value: 0
      objectReference: {fileID: 0}
    - target: {fileID: 1568400734348012409, guid: 4d1bf52bed1f0c9428c0a5804de94dad, type: 3}
      propertyPath: m_LocalEulerAnglesHint.z
      value: 0
      objectReference: {fileID: 0}
    m_RemovedComponents: []
  m_SourcePrefab: {fileID: 100100000, guid: 4d1bf52bed1f0c9428c0a5804de94dad, type: 3}
--- !u!4 &7270087320016192415 stripped
Transform:
  m_CorrespondingSourceObject: {fileID: 1568400734348012409, guid: 4d1bf52bed1f0c9428c0a5804de94dad, type: 3}
  m_PrefabInstance: {fileID: 8151688835238291686}
  m_PrefabAsset: {fileID: 0}
